Plačiau apie šaltinių tipus ir jų atributus:
http://mirror.datacenter.by/pub/mirrors/CTAN/macros/latex/contrib/biblatex/doc/biblatex.pdf#subsection.2.1

@phdthesis{ImageSegmTech,
    author={J. V. Llahi},
    title={Color Constancy and Image Segmentation Techniques for Applications to Mobile Robotics},
    school={Universitat Politècnica de Catalunya},
    year={2005},
    langid={english},
}

@article{ImageAnalysisMorph,
    author={R. M. Haralick and S. R. Sternberg and X. Zhuang},
    title={Image Analysis Using Mathematical Morphology},
    journal={IEEE Transactions on Pattern Analysis and Machine Intelligence},
    year={1987},
    volume={PAMI-9},
    pages={532--549},
} 

@article{ProfitableBias,
    author={J. Price and M. Remer and D. F. Stone},
    title={Sub-Perfect Game: Profitable Biases of NBA Referees},
    journal={Journal of Economics and Management Strategy},
    year={2012}, 
    volume={21},
    pages={271--300},
}

@thesis{StaloTenisas,
    author={R. Radžiūnas},
    title={Stalo teniso nelegalaus padavimo atpažinimas},
    school={Vilniaus Universitetas},
    year={2018},
    type={Bakalaurinis darbas}
}

@misc{MissedCalls,
    author={K. Sigler},
    title={NBA Referee Missed Calls: Reasons and Solutions},
    howpublished={\url{http://thesportjournal.org/article/nba-referee-missed-calls-reasons-and-solutions}},
    year={2019}, 
    note={134 KB, žiūrėta 2019-05-04},
    langid={english},
}

@misc{HaarCascades,
    author={S. Soo},
    title={Object detection using Haar-cascade Classifier},
    howpublished={\url{http://ds.cs.ut.ee/Members/artjom85/2014dss-course-media/Object\%20detection\%20using\%20Haar-final.pdf}},
    year={2014}, 
    note={652 KB, žiūrėta 2019-05-04},
    langid={english},
}

@misc{OpenCV,
    author={OpenCV},
    title = {OpenCV dokumentacija},
    note={\url{https://docs.opencv.org/4.0.0}},
    langid={english},
}

@misc{SimpleCV,
    author={SimpleCV},
    title = {SimpleCV dokumentacija},
    note={\url{https://simplecv.readthedocs.io/en/latest}},
    langid={english},
}

@misc{NBARules,
    author={National Basketball Association},
    title = {NBA žaidimo taisyklės},
    note={\url{https://official.nba.com/rule-no-10-violations-and-penalties/}},
    langid={english},
}

@INPROCEEDINGS{smallestenclosing, 
author = {E. Welzl},
title = {Smallest Enclosing Disks (balls and Ellipsoids)},
booktitle = {Results and New Trends in Computer Science},
year = {1991},
pages = {359--370},
publisher = {Springer-Verlag}
}